@inproceedings{Sutherland2019,
  author = {Sutherland, C.J. and Ahn, B.K. and Brown, B. and Lim, J. and Johanson, D.L. and Broadbent, E. and MacDonald, B.A. and Ahn, H.S.},
  title = {The doctor will see you now: could a robot be a medical receptionist?},
  booktitle = {2019 International Conference on Robotics and Automation (ICRA)},
  year = {2019},
  pages = {4310--4316},
  doi = {10.1109/ICRA.2019.8794439},
  note = {Available from: \url{https://doi.org/10.1109/ICRA.2019.8794439} [Accessed 21 January 2025]}
}

@inproceedings{Rae2013,
  author = {Rae, I. and Takayama, L. and Mutlu, B.},
  title = {The influence of height in robot-mediated communication},
  booktitle = {2013 8th ACM/IEEE International Conference on Human-Robot Interaction (HRI)},
  year = {2013},
  pages = {1--8},
  doi = {10.1109/HRI.2013.6483495},
  note = {Available from: \url{https://doi.org/10.1109/HRI.2013.6483495} [Accessed 21 January 2025]}
}

@misc{Bistolfi2022,
  author = {Bistolfi, I.M.F.},
  title = {The influence of anthropomorphism on our feelings for faulty robots},
  year = {2022},
  note = {Available from: \url{http://essay.utwente.nl/93148/} [Accessed 21 January 2025]}
}

@online{mallorie2024,
  author = {Mallorie, S.},
  title = {Staff shortages: what's behind the headlines?},
  year = {2024},
  organization = {The King's Fund},
  note = {Available from: \url{https://www.kingsfund.org.uk/insight-and-analysis/blogs/staff-shortages-behind-headlines} [Accessed 3 December 2024]}
}

@inproceedings{cormier2013v2,
  author = {Cormier, D. and Newman, G. and Nakane, M. and Young, J.E. and Durocher, S.},
  title = {Would you do as a robot commands? An obedience study for human-robot interaction},
  booktitle = {International Conference on Human-Agent Interaction (iHAI)},
  year = {2013},
  note = {Available from: \url{https://hci.cs.umanitoba.ca/assets/publication_files/2013-would-you-do-as-a-robot-commands.pdf} [Accessed 20 November 2024]}
}
